@article{luo2008efficient,
	title={An efficient 3D Timoshenko beam element with consistent shape functions},
	author={Luo, Yunhua},
	journal={Adv. Theor. Appl. Mech},
	volume={1},
	number={3},
	pages={95--106},
	year={2008}
}
@article{das2008vibration,
	title={Vibration control and stability analysis of rotor-shaft system with electromagnetic exciters},
	author={Das, AS and Nighil, MC and Dutt, JK and Irretier, H},
	journal={Mechanism and Machine Theory},
	volume={43},
	number={10},
	pages={1295--1316},
	year={2008},
	publisher={Elsevier}
}

@book{childs1993turbomachinery,
	title={Turbomachinery rotordynamics: phenomena, modeling, and analysis},
	author={Childs, Dara W},
	year={1993},
	publisher={John Wiley \& Sons}
}
@book{muszynska2005rotordynamics,
	title={Rotordynamics},
	author={Muszynska, Agnieszka},
	year={2005},
	publisher={CRC press}
}
@article{goldman1999application,
	title={Application of full spectrum to rotating machinery diagnostics},
	author={Goldman, Paul and Muszynska, Agnes},
	journal={Orbit},
	volume={20},
	number={1},
	pages={17--21},
	year={1999},
	publisher={Bently Nevada Corporation USA}
}
@article{bently2003fundamentals,
	title={Fundamentals of rotating machinery diagnostics},
	author={Bently, Donald E and Hatch'Charles, T},
	journal={Mechanical Engineering-CIME},
	volume={125},
	number={12},
	pages={53--54},
	year={2003},
	publisher={American Society of Mechanical Engineers}
}
@article{goerguelue2009beam,
	title={BEAM THEORIES The difference between Euler-Bernoulli and Timoschenko},
	author={Goerguelue, Uemuet},
	journal={Lecture Handouts},
	year={2009}
}
@article{andersen2008elastic,
	title={Elastic Beams in Three Dimensions},
	author={Andersen, Lars and Nielsen, S{\o}ren RK},
	journal={Aalborg University},
	year={2008}
}

@phdthesis{kandil2005rotor,
	title={On rotor internal damping instability},
	author={Kandil, Mohamed Abdelhadi},
	year={2005},
	school={Imperial College London (University of London)}
}

@article{gmur1991shaft,
	title={Shaft finite elements for rotor dynamics analysis},
	author={Gmur, TC and Rodrigues, JD},
	journal={Journal of Vibration and Acoustics},
	volume={113},
	number={4},
	pages={482--493},
	year={1991},
	publisher={American Society of Mechanical Engineers}
}

@inproceedings{forrai1996stability,
	title={Stability analysis of symmetrical rotor-bearing systems with internal damping using finite element method},
	author={Forrai, L},
	booktitle={International Gas Turbine and AeroB engine Congress and Exhibition, Birmingham, UK},
	year={1996}
}

@article{wettergren1996dynamic,
	title={Dynamic instability of a rotating asymmetric shaft with internal viscous damping supported in anisotropic bearings},
	author={Wettergren, HL and Olsson, K-O},
	journal={Journal of sound and vibration},
	volume={195},
	number={1},
	pages={75--84},
	year={1996},
	publisher={Elsevier}
}

@article{genta2004persistent,
	title={On a persistent misunderstanding of the role of hysteretic damping in rotordynamics},
	author={Genta, Giancarlo},
	journal={TRANSACTIONS-AMERICAN SOCIETY OF MECHANICAL ENGINEERS JOURNAL OF VIBRATION AND ACOUSTICS},
	volume={126},
	number={3},
	pages={459--461},
	year={2004},
	publisher={American Society of Mechanical Engineers}
}

@article{ertas2007influence,
	title={The influence of same-sign cross-coupled stiffness on rotordynamics},
	author={Ertas, Bugra and Vance, John},
	journal={Journal of Vibration and Acoustics},
	volume={129},
	number={1},
	pages={24--31},
	year={2007},
	publisher={American Society of Mechanical Engineers}
}

@article{swanson2005practical,
	title={A practical review of rotating machinery critical speeds and modes},
	author={Swanson, Erik and Powell, Chris D and Weissman, Sorin},
	journal={Sound and vibration},
	volume={39},
	number={5},
	pages={16--17},
	year={2005},
	publisher={[Bay Village, Ohio, Acoustical Publications, inc.]}
}

@book{genta2007dynamics,
	title={Dynamics of rotating systems},
	author={Genta, Giancarlo},
	year={2007},
	publisher={Springer Science \& Business Media}
}
@article{zorzi1977finite,
	title={Finite element simulation of rotor-bearing systems with internal damping},
	author={Zorzi, ES and Nelson, HD},
	journal={Journal of Engineering for Power},
	volume={99},
	number={1},
	pages={71--76},
	year={1977},
	publisher={American Society of Mechanical Engineers}
}

@article{nelson1976dynamics,
	title={The dynamics of rotor-bearing systems using finite elements},
	author={Nelson, HD and McVaugh, JM},
	journal={Journal of Engineering for Industry},
	volume={98},
	number={2},
	pages={593--600},
	year={1976},
	publisher={American Society of Mechanical Engineers}
}

@article{kirchgassner2016finite,
	title={Finite elements in rotordynamics},
	author={Kirchg{\"a}{\ss}ner, B},
	journal={Procedia Engineering},
	volume={144},
	pages={736--750},
	year={2016},
	publisher={Elsevier}
}
@book{craig2006fundamentals,
	title={Fundamentals of structural dynamics},
	author={Craig, Roy R and Kurdila, Andrew J},
	year={2006},
	publisher={John Wiley \& Sons}
}
@article{genta1985consistent,
	title={Consistent matrices in rotor dynamic},
	author={Genta, Giancarlo},
	journal={Meccanica},
	volume={20},
	number={3},
	pages={235--248},
	year={1985},
	publisher={Springer}
}
@article{nelson1980finite,
	title={A finite rotating shaft element using Timoshenko beam theory},
	author={Nelson, HD},
	journal={Journal of mechanical design},
	volume={102},
	number={4},
	pages={793--803},
	year={1980},
	publisher={American Society of Mechanical Engineers}
}
@article{ozguven1984whirl,
	title={Whirl speeds and unbalance response of multibearing rotors using finite elements},
	author={Ozguven, H Nevzat and Ozkan, Z Levent},
	journal={Journal of vibration, acoustics, stress, and reliability in design},
	volume={106},
	number={1},
	pages={72--79},
	year={1984},
	publisher={American Society of Mechanical Engineers}
}
@article{greenhill1985conical,
	title={A conical beam finite element for rotor dynamics analysis},
	author={Greenhill, LM and Bickford, WB and Nelson, HD},
	journal={Journal of Vibration, Acoustics, Stress, and Reliability in Design},
	volume={107},
	number={4},
	pages={421--430},
	year={1985},
	publisher={American Society of Mechanical Engineers}
}